<?xml version="1.0" encoding="UTF-8"?><record xmlns="http://www.loc.gov/MARC21/slim" xmlns:cinclude="http://apache.org/cocoon/include/1.0" xmlns:zs="http://www.loc.gov/zing/srw/">
  <leader>01070nz  a2200169n  4500</leader>
  <controlfield tag="001">no2015127204</controlfield>
  <controlfield tag="003">DLC</controlfield>
  <controlfield tag="005">20150924073612.0</controlfield>
  <controlfield tag="008">150923n| azannaabn          |b ana      </controlfield>
  <datafield tag="010" ind1=" " ind2=" ">
    <subfield code="a">no2015127204</subfield>
  </datafield>
  <datafield tag="035" ind1=" " ind2=" ">
    <subfield code="a">(OCoLC)oca10277664</subfield>
  </datafield>
  <datafield tag="040" ind1=" " ind2=" ">
    <subfield code="a">DLC-S</subfield>
    <subfield code="b">eng</subfield>
    <subfield code="e">rda</subfield>
    <subfield code="c">DLC-S</subfield>
  </datafield>
  <datafield tag="110" ind1="2" ind2=" ">
    <subfield code="a">Kaliningradskai︠a︡ oblastnai︠a︡ universalʹnai︠a︡ nauchnai︠a︡ biblioteka.</subfield>
    <subfield code="b">Otdel kraevedcheskoĭ literatury</subfield>
  </datafield>
  <datafield tag="370" ind1=" " ind2=" ">
    <subfield code="c">Russia (Federation)</subfield>
  </datafield>
  <datafield tag="410" ind1="2" ind2=" ">
    <subfield code="a">Калининградская областная универсальная научная библиотека.</subfield>
    <subfield code="b">Отдел краеведческой литературы</subfield>
  </datafield>
  <datafield tag="667" ind1=" " ind2=" ">
    <subfield code="a">Non-Latin script reference not evaluated.</subfield>
  </datafield>
  <datafield tag="670" ind1=" " ind2=" ">
    <subfield code="a">Kaliningradskiĭ rodoslovnyĭ vestnik, Vypusk 3, published in 2011:</subfield>
    <subfield code="b">t.p. (Калининградская областная универсальная научная библиотека, Отдел краеведческой литературы = Kaliningradskai︠a︡ oblastnai︠a︡ universalʹnai︠a︡ nauchnai︠a︡ biblioteka, Otdel kraevedcheskoĭ literatury)</subfield>
  </datafield>
</record>